@article{Csordas_2019_DNC,
  author    = {Robert Csordas and Jurgen Schmidhuber},
  title     = {Improving Differentiable Neural Computers Through Memory Masking, De-allocation, and Link Distribution Sharpness Control },
  journal   = {ICLR},
  volume    = {abs/1707.03141},
  year      = {2019},
  url       = {https://openreview.net/pdf?id=HyGEM3C9KQ},
}

@article{Yehuda2009matrix,
  author    = {Koren Yehuda and Robert Bell and Chris Volinsky},
  title     = {Matrix factorization techniques for recommender systems},
  journal   = {Computer},
  volume    = {42},
  year      = {2009},
}


@article{Rendle2009BPR,
  author    = {Steffen Rendle and Christoph Freudenthaler and Zeno Gantner and Lars Schmidt-Thieme},
  title     = {BPR: Bayesian Personalized Ranking from Implicit Feedback
},
  journal   = {Conference on
       Uncertainty in Artificial Intelligence},
  year      = {2009},
}




@inproceedings{he2017neural,
  title={Neural collaborative filtering},
  author={He, Xiangnan and Liao, Lizi and Zhang, Hanwang and Nie, Liqiang and Hu, Xia and Chua, Tat-Seng},
  booktitle={Proceedings of the 26th international conference on world wide web},
  pages={173--182},
  year={2017}
}